<?xml version="1.0" encoding="UTF-8"?><collection xmlns="http://www.loc.gov/MARC21/slim"><record><leader>00636nam--2200205-i-4500</leader><controlfield tag="001">000040560</controlfield><controlfield tag="002">20161230</controlfield><controlfield tag="005">20161230201042</controlfield><controlfield tag="008">060222s1000------------r-----000-0-ger-d</controlfield><datafield ind1=" " ind2=" " tag="040"><subfield code="a">IFIN-HH</subfield></datafield><datafield ind1=" " ind2=" " tag="041"><subfield code="a">ger</subfield></datafield><datafield ind1=" " ind2=" " tag="080"><subfield code="a">539.143.43</subfield></datafield><datafield ind1="1" ind2=" " tag="100"><subfield code="a">Scheffler, Klaus</subfield></datafield><datafield ind1="1" ind2="0" tag="245"><subfield code="a">Elektronenspinresonanz</subfield><subfield code="b">Grundlagen und anwendung in der organischen chemie. mit 145 abild</subfield><subfield code="c">Klaus scjeffler, hartmut b. stegmann</subfield></datafield><datafield ind1=" " ind2=" " tag="260"><subfield code="a">Berlin</subfield><subfield code="b">Springer-verlag</subfield><subfield code="c">1970</subfield></datafield><datafield ind1=" " ind2=" " tag="300"><subfield code="a">VIII + 506P</subfield></datafield><datafield ind1=" " ind2=" " tag="490"><subfield code="a">Organische Chemie In Einzeldarstellungen</subfield></datafield><datafield ind1="1" ind2=" " tag="700"><subfield code="a">Stegmann, Hartmut B</subfield></datafield><datafield ind1=" " ind2=" " tag="852"><subfield code="a">33196</subfield><subfield code="c">539.143.43</subfield></datafield><datafield ind1=" " ind2=" " tag="CAT"><subfield code="a">Sys</subfield><subfield code="c">20120507</subfield><subfield code="h">143510</subfield></datafield></record></collection>